@book{allis1993go,
  title={Go-moku and threat-space search},
  author={Allis, Louis Victor and Huntjens, MPH}
}
